@article{berry1995automobile,
  title={Automobile prices in market equilibrium},
  author={Berry, Steven and Levinsohn, James and Pakes, Ariel},
  journal={Econometrica: Journal of the Econometric Society},
  pages={841--890},
  year={1995},
  publisher={JSTOR}
}

@article{rosen1981economics,
	title={The economics of superstars},
	author={Rosen, Sherwin},
	journal={The American economic review},
	volume={71},
	number={5},
	pages={845--858},
	year={1981},
	publisher={JSTOR}
}

@article{skrainka2011high,
	title={High performance quadrature rules: How numerical integration affects a popular model of product differentiation},
	author={Skrainka, Benjamin S and Judd, Kenneth L},
	journal={Available at SSRN 1870703},
	year={2011}
}

@techreport{conlon2019best,
	title={Best practices for differentiated products demand estimation with pyblp},
	author={Conlon, Christopher and Gortmaker, Jeff},
	year={2019},
	institution={Working paper. url: https://chrisconlon. github. io/site/pyblp. pdf}
}

@article{varadhan2004squared,
	title={Squared extrapolation methods (SQUAREM): A new class of simple and efficient numerical schemes for accelerating the convergence of the EM algorithm},
	author={Varadhan, Ravi and Roland, Ch},
	year={2004},
	publisher={bepress}
}

@article{varadhan2008simple,
	title={Simple and globally convergent methods for accelerating the convergence of any EM algorithm},
	author={Varadhan, Ravi and Roland, Christophe},
	journal={Scandinavian Journal of Statistics},
	volume={35},
	number={2},
	pages={335--353},
	year={2008},
	publisher={Wiley Online Library}
}

@article{reynaerts2012enhancing,
	title={Enhancing the Convergence Properties of the BLP (1995) Contraction Mapping},
	author={Reynaerts, Jo and Varadhan, R and Nash, John C},
	year={2012},
	publisher={VIVES; Leuven}
}

@article{nevo2000practitioner,
	title={A practitioner's guide to estimation of random-coefficients logit models of demand},
	author={Nevo, Aviv},
	journal={Journal of economics \& management strategy},
	volume={9},
	number={4},
	pages={513--548},
	year={2000},
	publisher={Wiley Online Library}
}

@article{dube2012improving,
	title={Improving the numerical performance of static and dynamic aggregate discrete choice random coefficients demand estimation},
	author={Dub{\'e}, Jean-Pierre and Fox, Jeremy T and Su, Che-Lin},
	journal={Econometrica},
	volume={80},
	number={5},
	pages={2231--2267},
	year={2012},
	publisher={Wiley Online Library}
}

@article{knittel2014estimation,
	title={Estimation of random-coefficient demand models: two empiricists' perspective},
	author={Knittel, Christopher R and Metaxoglou, Konstantinos},
	journal={Review of Economics and Statistics},
	volume={96},
	number={1},
	pages={34--59},
	year={2014},
	publisher={MIT Press}
}

